@book{perrig2017scion,
  title={SCION: a secure Internet architecture},
  author={Perrig, Adrian and Szalachowski, Pawel and Reischuk, Raphael M and Chuat, Laurent},
  year={2017},
  publisher={Springer}
}
@online{hubert2002linux,
  author={Hubert, Bert and others},
  title={Linux advanced routing \& traffic control HOWTO},
  year = {2002},
  url = {https://lartc.org/lartc.pdf},
  urldate = {2019-02-18}
}
